<?xml version="1.0" encoding="UTF-8"?><collection xmlns="http://www.loc.gov/MARC21/slim"><record><leader>00327nam--2200133-i-4500</leader><controlfield tag="001">000011708</controlfield><controlfield tag="002">20161230</controlfield><controlfield tag="005">20161230201029</controlfield><controlfield tag="008">060222s1000------------r-----000-0-eng-d</controlfield><datafield ind1=" " ind2=" " tag="100"><subfield code="a">Neckers, D.C</subfield></datafield><datafield ind1=" " ind2=" " tag="260"><subfield code="a">Solid Phase Synthesis</subfield></datafield><datafield ind1=" " ind2=" " tag="490"><subfield code="a">Benchmark Papers In Organic Chemistry</subfield></datafield><datafield ind1=" " ind2=" " tag="700"><subfield code="a">Blossey, E.C</subfield></datafield><datafield ind1=" " ind2=" " tag="852"><subfield code="a">54-16:54.07</subfield></datafield></record></collection>